<record><leader>00000cas a22000007a 4500</leader><controlfield tag="001">12219725</controlfield><controlfield tag="008">850701d187u187umiuwr ne      0    0eng d</controlfield><datafield ind1=" " ind2=" " tag="010"><subfield code="a">sn 85026423 </subfield></datafield><datafield ind1=" " ind2=" " tag="040"><subfield code="a">NPX</subfield><subfield code="b">eng</subfield><subfield code="c">NPX</subfield><subfield code="d">MHN</subfield><subfield code="d">OCL</subfield><subfield code="d">OCLCQ</subfield></datafield><datafield ind1=" " ind2=" " tag="042"><subfield code="a">msc</subfield></datafield><datafield ind1="0" ind2=" " tag="130"><subfield code="a">Bay City chronicle (Bay City, Mich.)</subfield></datafield><datafield ind1="1" ind2="0" tag="245"><subfield code="a">Bay City chronicle.</subfield></datafield><datafield ind1=" " ind2=" " tag="260"><subfield code="a">Bay City, Mich. :</subfield><subfield code="b">D.J. Sprague</subfield></datafield><datafield ind1=" " ind2=" " tag="300"><subfield code="a">v.</subfield></datafield><datafield ind1=" " ind2=" " tag="310"><subfield code="a">Weekly</subfield></datafield><datafield ind1=" " ind2=" " tag="500"><subfield code="a">"National Republican," &lt;1876&gt;.</subfield></datafield><datafield ind1=" " ind2=" " tag="588"><subfield code="a">Description based on: (July 1, 1872).</subfield></datafield><datafield ind1=" " ind2=" " tag="588"><subfield code="a">Description based on: Tax suppl. partial issue.</subfield></datafield><datafield ind1=" " ind2=" " tag="752"><subfield code="a">United States</subfield><subfield code="b">Michigan</subfield><subfield code="c">Bay</subfield><subfield code="d">Bay City.</subfield></datafield><datafield ind1="0" ind2="0" tag="780"><subfield code="t">Bay City chronicle and journal</subfield><subfield code="w">(DLC)sn 85033558</subfield><subfield code="w">(OCoLC)12046948</subfield></datafield><datafield ind1="0" ind2="0" tag="785"><subfield code="t">Weekly chronicle (Bay City, Mich.)</subfield></datafield></record>